@article{de2016priam,
  title={PRIAM: a privacy risk analysis methodology},
  author={De, Sourya Joyee and M{\'e}tayer, Daniel Le},
  booktitle={Data privacy management and security assurance},
  pages={221--229},
  year={2016},
  publisher={Springer}
}
